@article{stott2016climate,
  title={How climate change affects extreme weather events},
  author={Stott, Peter},
  journal={Science},
  volume={352},
  number={6293},
  pages={1517--1518},
  year={2016},
  publisher={American Association for the Advancement of Science}
}

@article{qin2020agricultural,
  title={Agricultural risks from changing snowmelt},
  author={Qin, Yue and Abatzoglou, John T and Siebert, Stefan and Huning, Laurie S and AghaKouchak, Amir and Mankin, Justin S and Hong, Chaopeng and Tong, Dan and Davis, Steven J and Mueller, Nathaniel D},
  journal={Nature Climate Change},
  volume={10},
  number={5},
  pages={459--465},
  year={2020},
  publisher={Nature Publishing Group}
}

@article{min2022emerging,
  title={The emerging Arctic shipping corridors},
  author={Min, Chao and Yang, Qinghua and Chen, Dake and Yang, Yijun and Zhou, Xiangying and Shu, Qi and Liu, Jiping},
  journal={Geophysical Research Letters},
  pages={e2022GL099157},
  year={2022},
  publisher={Wiley Online Library}
}

@article{palash2020record,
  title={The record 2017 flood in South Asia: State of prediction and performance of a data-driven requisitely simple forecast model},
  author={Palash, Wahid and Akanda, Ali Shafqat and Islam, Shafiqul},
  journal={Journal of Hydrology},
  volume={589},
  pages={125190},
  year={2020},
  publisher={Elsevier}
}

@article{tebaldi2021extreme,
  title={Extreme sea levels at different global warming levels},
  author={Tebaldi, Claudia and Ranasinghe, Roshanka and Vousdoukas, Michalis and Rasmussen, DJ and Vega-Westhoff, Ben and Kirezci, Ebru and Kopp, Robert E and Sriver, Ryan and Mentaschi, Lorenzo},
  journal={Nature Climate Change},
  volume={11},
  number={9},
  pages={746--751},
  year={2021},
  publisher={Nature Publishing Group}
}

@article{sevellec2017arctic,
  title={Arctic sea-ice decline weakens the Atlantic meridional overturning circulation},
  author={S{\'e}vellec, Florian and Fedorov, Alexey V and Liu, Wei},
  journal={Nature Climate Change},
  volume={7},
  number={8},
  pages={604--610},
  year={2017},
  publisher={Nature Publishing Group}
}

@article{karl1997coming,
  title={The coming climate},
  author={Karl, Thomas R and Nicholls, Neville and Gregory, Jonathan},
  journal={Scientific American},
  volume={276},
  number={5},
  pages={78--83},
  year={1997},
  publisher={JSTOR}
}

@misc{underwood2015models,
  title={Models predict longer, deeper US droughts},
  author={Underwood, Emily},
  year={2015},
  publisher={American Association for the Advancement of Science}
}

@article{milly2002increasing,
  title={Increasing risk of great floods in a changing climate},
  author={Milly, P Christopher D and Wetherald, Richard T and Dunne, KA and Delworth, Thomas L},
  journal={Nature},
  volume={415},
  number={6871},
  pages={514--517},
  year={2002},
  publisher={Nature Publishing Group}
}

@article{hirabayashi2013global,
  title={Global flood risk under climate change},
  author={Hirabayashi, Yukiko and Mahendran, Roobavannan and Koirala, Sujan and Konoshima, Lisako and Yamazaki, Dai and Watanabe, Satoshi and Kim, Hyungjun and Kanae, Shinjiro},
  journal={Nature climate change},
  volume={3},
  number={9},
  pages={816--821},
  year={2013},
  publisher={Nature Publishing Group}
}

@article{parmesan2000impacts,
  title={Impacts of extreme weather and climate on terrestrial biota},
  author={Parmesan, Camille and Root, Terry L and Willig, Michael R},
  journal={Bulletin of the American Meteorological Society},
  volume={81},
  number={3},
  pages={443--450},
  year={2000},
  publisher={American Meteorological Society}
}

@article{gleick2021freshwater,
  title={Freshwater Scarcity},
  author={Gleick, Peter H and Cooley, Heather},
  journal={Annual Review of Environment and Resources},
  volume={46},
  pages={319--348},
  year={2021},
  publisher={Annual Reviews}
}

@article{crisp2020benefits,
  title={The benefits of very low earth orbit for earth observation missions},
  author={Crisp, Nicholas H and Roberts, Peter CE and Livadiotti, Sabrina and Oiko, Vitor Toshiyuki Abrao and Edmondson, Steve and Haigh, SJ and Huyton, Claire and Sinpetru, LA and Smith, KL and Worrall, SD and others},
  journal={Progress in Aerospace Sciences},
  volume={117},
  pages={100619},
  year={2020},
  publisher={Elsevier}
}

@article{minzu2021optimal,
  title={Optimal control of an ultraviolet water disinfection system},
  author={Minzu, Viorel and Riahi, Said and Rusu, Eugen},
  journal={Applied Sciences},
  volume={11},
  number={6},
  pages={2638},
  year={2021},
  publisher={Multidisciplinary Digital Publishing Institute}
}

@article{xia2012continental,
  title={Continental-scale water and energy flux analysis and validation for the North American Land Data Assimilation System project phase 2 (NLDAS-2): 1. Intercomparison and application of model products},
  author={Xia, Youlong and Mitchell, Kenneth and Ek, Michael and Sheffield, Justin and Cosgrove, Brian and Wood, Eric and Luo, Lifeng and Alonge, Charles and Wei, Helin and Meng, Jesse and others},
  journal={Journal of Geophysical Research: Atmospheres},
  volume={117},
  number={D3},
  year={2012},
  publisher={Wiley Online Library}
}

@article{xia2012comparative,
  title={Comparative analysis of relationships between NLDAS-2 forcings and model outputs},
  author={Xia, Youlong and Ek, Mike and Wei, Helin and Meng, Jesse},
  journal={Hydrological Processes},
  volume={26},
  number={3},
  pages={467--474},
  year={2012},
  publisher={Wiley Online Library}
}

@article{liang1994simple,
  title={A simple hydrologically based model of land surface water and energy fluxes for general circulation models},
  author={Liang, Xu and Lettenmaier, Dennis P and Wood, Eric F and Burges, Stephen J},
  journal={Journal of Geophysical Research: Atmospheres},
  volume={99},
  number={D7},
  pages={14415--14428},
  year={1994},
  publisher={Wiley Online Library}
}

@article{usgs2016national,
  title={National water information system},
  author={USGS (US Geological Survey)},
  year={2016}
}

@software{reback2020pandas,
    author       = {The pandas development team},
    title        = {pandas-dev/pandas: Pandas},
    month        = feb,
    year         = 2020,
    publisher    = {Zenodo},
    version      = {latest},
    doi          = {10.5281/zenodo.3509134},
    url          = {https://doi.org/10.5281/zenodo.3509134}
}

@InProceedings{ mckinney-proc-scipy-2010,
  author    = { {W}es {M}c{K}inney },
  title     = { {D}ata {S}tructures for {S}tatistical {C}omputing in {P}ython },
  booktitle = { {P}roceedings of the 9th {P}ython in {S}cience {C}onference },
  pages     = { 56 - 61 },
  year      = { 2010 },
  editor    = { {S}t\'efan van der {W}alt and {J}arrod {M}illman },
  doi       = { 10.25080/Majora-92bf1922-00a }
}

@article{lillicrap2020backpropagation,
  title={Backpropagation and the brain},
  author={Lillicrap, Timothy P and Santoro, Adam and Marris, Luke and Akerman, Colin J and Hinton, Geoffrey},
  journal={Nature Reviews Neuroscience},
  volume={21},
  number={6},
  pages={335--346},
  year={2020},
  publisher={Nature Publishing Group}
}

@incollection{pytorchNEURIPS2019_9015,
title = {PyTorch: An Imperative Style, High-Performance Deep Learning Library},
author = {Paszke, Adam and Gross, Sam and Massa, Francisco and Lerer, Adam and Bradbury, James and Chanan, Gregory and Killeen, Trevor and Lin, Zeming and Gimelshein, Natalia and Antiga, Luca and Desmaison, Alban and Kopf, Andreas and Yang, Edward and DeVito, Zachary and Raison, Martin and Tejani, Alykhan and Chilamkurthy, Sasank and Steiner, Benoit and Fang, Lu and Bai, Junjie and Chintala, Soumith},
booktitle = {Advances in Neural Information Processing Systems 32},
editor = {H. Wallach and H. Larochelle and A. Beygelzimer and F. d\textquotesingle Alch\'{e}-Buc and E. Fox and R. Garnett},
pages = {8024--8035},
year = {2019},
publisher = {Curran Associates, Inc.},
url = {http://papers.neurips.cc/paper/9015-pytorch-an-imperative-style-high-performance-deep-learning-library.pdf}
}

@article{rawat2017deep,
  title={Deep convolutional neural networks for image classification: A comprehensive review},
  author={Rawat, Waseem and Wang, Zenghui},
  journal={Neural computation},
  volume={29},
  number={9},
  pages={2352--2449},
  year={2017},
  publisher={MIT Press}
}

@inproceedings{he2016deep,
  title={Deep residual learning for image recognition},
  author={He, Kaiming and Zhang, Xiangyu and Ren, Shaoqing and Sun, Jian},
  booktitle={Proceedings of the IEEE conference on computer vision and pattern recognition},
  pages={770--778},
  year={2016}
}

@article{agarap2018deep,
  title={Deep learning using rectified linear units (relu)},
  author={Agarap, Abien Fred},
  journal={arXiv preprint arXiv:1803.08375},
  year={2018}
}

@inproceedings{ioffe2015batch,
  title={Batch normalization: Accelerating deep network training by reducing internal covariate shift},
  author={Ioffe, Sergey and Szegedy, Christian},
  booktitle={International conference on machine learning},
  pages={448--456},
  year={2015},
  organization={PMLR}
}

@article{kingma2014adam,
  title={Adam: A method for stochastic optimization},
  author={Kingma, Diederik P and Ba, Jimmy},
  journal={arXiv preprint arXiv:1412.6980},
  year={2014}
}

@article{amari1993backpropagation,
  title={Backpropagation and stochastic gradient descent method},
  author={Amari, Shun-ichi},
  journal={Neurocomputing},
  volume={5},
  number={4-5},
  pages={185--196},
  year={1993},
  publisher={Elsevier}
}

@article{karhunen1997class,
  title={A class of neural networks for independent component analysis},
  author={Karhunen, Juha and Oja, Erkki and Wang, Liuyue and Vigario, Ricardo and Joutsensalo, Jyrki},
  journal={IEEE Transactions on neural networks},
  volume={8},
  number={3},
  pages={486--504},
  year={1997},
  publisher={IEEE}
}

@software{thibault_hallouin_2021_4709652,
  author       = {Thibault Hallouin},
  title        = {{hydroeval: an evaluator for streamflow time series 
                   in Python}},
  month        = apr,
  year         = 2021,
  publisher    = {Zenodo},
  version      = {v0.1.0},
  doi          = {10.5281/zenodo.4709652},
  url          = {https://doi.org/10.5281/zenodo.4709652}
}

@article{chen2020concept,
  title={Concept whitening for interpretable image recognition},
  author={Chen, Zhi and Bei, Yijie and Rudin, Cynthia},
  journal={Nature Machine Intelligence},
  volume={2},
  number={12},
  pages={772--782},
  year={2020},
  publisher={Nature Publishing Group}
}


@article{akanda2011hydroclimatic,
  title={Hydroclimatic influences on seasonal and spatial cholera transmission cycles: implications for public health intervention in the Bengal Delta},
  author={Akanda, Ali Shafqat and Jutla, Antarpreet S and Alam, Munirul and De Magny, Guillaume Constantin and Siddique, A Kasem and Sack, R Bradley and Huq, Anwar and Colwell, Rita R and Islam, Shafiqul},
  journal={Water Resources Research},
  volume={47},
  number={3},
  year={2011},
  publisher={Wiley Online Library}
}
@article{qi2019use,
  title={On the use of NLDAS2 weather data for hydrologic modeling in the Upper Mississippi River Basin},
  author={Qi, Junyu and Wang, Qianfeng and Zhang, Xuesong},
  journal={Water},
  volume={11},
  number={5},
  pages={960},
  year={2019},
  publisher={MDPI}
}
@article{chen2021effect,
  title={Effect of watershed delineation and climate datasets density on runoff predictions for the Upper Mississippi River Basin using SWAT within HAWQS},
  author={Chen, Manyu and Cui, Yuanlai and Gassman, Philip W and Srinivasan, Raghavan},
  journal={Water},
  volume={13},
  number={4},
  pages={422},
  year={2021},
  publisher={MDPI}
}
@article{tran2022hydrological,
  title={A hydrological simulation dataset of the Upper Colorado River Basin from 1983 to 2019},
  author={Tran, Hoang and Zhang, Jun and O’Neill, Mary Michael and Ryken, Anna and Condon, Laura E and Maxwell, Reed M},
  journal={Scientific Data},
  volume={9},
  number={1},
  pages={1--17},
  year={2022},
  publisher={Nature Publishing Group}
}
@article{cai2014assessment,
  title={Assessment of simulated water balance from Noah, Noah-MP, CLM, and VIC over CONUS using the NLDAS test bed},
  author={Cai, Xitian and Yang, Zong-Liang and Xia, Youlong and Huang, Maoyi and Wei, Helin and Leung, L Ruby and Ek, Michael B},
  journal={Journal of Geophysical Research: Atmospheres},
  volume={119},
  number={24},
  pages={13--751},
  year={2014},
  publisher={Wiley Online Library}
}
@article{yang2021effect,
  title={The effect of lead-time weather forecast uncertainty on outage prediction modeling},
  author={Yang, Feifei and Cerrai, Diego and Anagnostou, Emmanouil N},
  journal={Forecasting},
  volume={3},
  number={3},
  pages={501--516},
  year={2021},
  publisher={MDPI}
}
@article{hu2015pacific,
  title={Pacific western boundary currents and their roles in climate},
  author={Hu, Dunxin and Wu, Lixin and Cai, Wenju and Gupta, Alex Sen and Ganachaud, Alexandre and Qiu, Bo and Gordon, Arnold L and Lin, Xiaopei and Chen, Zhaohui and Hu, Shijian and others},
  journal={Nature},
  volume={522},
  number={7556},
  pages={299--308},
  year={2015},
  publisher={Nature Publishing Group}
}
@article{ionita2022long,
  title={Long-term drought intensification over Europe driven by the weakening trend of the Atlantic Meridional Overturning Circulation},
  author={Ionita, M and Nagavciuc, V and Scholz, P and Dima, M},
  journal={Journal of Hydrology: Regional Studies},
  volume={42},
  pages={101176},
  year={2022},
  publisher={Elsevier}
}


@article{nash1970river,
  title={River flow forecasting through conceptual models part I—A discussion of principles},
  author={Nash, J Eamonn and Sutcliffe, Jonh V},
  journal={Journal of hydrology},
  volume={10},
  number={3},
  pages={282--290},
  year={1970},
  publisher={Elsevier}
}

@article{gupta2009decomposition,
  title={Decomposition of the mean squared error and NSE performance criteria: Implications for improving hydrological modelling},
  author={Gupta, Hoshin and Kling, Harald and Yilmaz, Koray and Martinez, Guillermo},
  journal={Journal of hydrology},
  volume={377},
  number={1-2},
  pages={80--91},
  year={2009},
  publisher={Elsevier}
}

@article{gupta2011typical,
  title={On typical range, sensitivity, and normalization of Mean Squared Error and Nash-Sutcliffe Efficiency type metrics},
  author={Gupta, Hoshin and Kling, Harald},
  journal={Water Resources Research},
  volume={47},
  number={10},
  year={2011},
  publisher={Wiley Online Library}
}

@article{knoben2019inherent,
  title={Inherent benchmark or not? Comparing Nash--Sutcliffe and Kling--Gupta efficiency scores},
  author={Knoben, Wouter JM and Freer, Jim E and Woods, Ross A},
  journal={Hydrology and Earth System Sciences},
  volume={23},
  number={10},
  pages={4323--4331},
  year={2019},
  publisher={Copernicus Publications G{\"o}ttingen, Germany}
}

@article{van2017residence,
  title={The residence time of water in the atmosphere revisited},
  author={Van Der Ent, Ruud J and Tuinenburg, Obbe A},
  journal={Hydrology and Earth System Sciences},
  volume={21},
  number={2},
  pages={779--790},
  year={2017},
  publisher={Copernicus GmbH}
}

@article{gimeno2021residence,
  title={The residence time of water vapour in the atmosphere},
  author={Gimeno, Luis and Eiras-Barca, Jorge and Dur{\'a}n-Quesada, Ana Mar{\'\i}a and Dominguez, Francina and van der Ent, Ruud and Sodemann, Harald and S{\'a}nchez-Murillo, Ricardo and Nieto, Raquel and Kirchner, James W},
  journal={Nature Reviews Earth \& Environment},
  volume={2},
  number={8},
  pages={558--569},
  year={2021},
  publisher={Nature Publishing Group UK London}
}

@article{jiang2020fifty,
  title={Fifty years of research on the Madden-Julian Oscillation: Recent progress, challenges, and perspectives},
  author={Jiang, Xianan and Adames, {\'A}ngel F and Kim, Daehyun and Maloney, Eric D and Lin, Hai and Kim, Hyemi and Zhang, Chidong and DeMott, Charlotte A and Klingaman, Nicholas P},
  journal={Journal of Geophysical Research: Atmospheres},
  volume={125},
  number={17},
  pages={e2019JD030911},
  year={2020},
  publisher={Wiley Online Library}
}

@article{hu2017extreme,
  title={The extreme El Ni{\~n}o of 2015--2016 and the end of global warming hiatus},
  author={Hu, Shineng and Fedorov, Alexey V},
  journal={Geophysical Research Letters},
  volume={44},
  number={8},
  pages={3816--3824},
  year={2017},
  publisher={Wiley Online Library}
}

@techreport{edwards1986conceptual,
  title={Conceptual design for the National Water Information System},
  author={Edwards, Melvin D and Putnam, Arthur L and Hutchison, Norman E},
  year={1986},
  institution={US Geological Survey}
}

@article{siders2019social,
  title={Social justice implications of US managed retreat buyout programs},
  author={Siders, Anne R},
  journal={Climatic change},
  volume={152},
  number={2},
  pages={239--257},
  year={2019},
  publisher={Springer}
}

@article{hino2017managed,
  title={Managed retreat as a response to natural hazard risk},
  author={Hino, Miyuki and Field, Christopher B and Mach, Katharine J},
  journal={Nature climate change},
  volume={7},
  number={5},
  pages={364--370},
  year={2017},
  publisher={Nature Publishing Group UK London}
}

@article{eldering2017orbiting,
  title={The Orbiting Carbon Observatory-2 early science investigations of regional carbon dioxide fluxes},
  author={Eldering, A and Wennberg, PO and Crisp, D and Schimel, DS and Gunson, MR and Chatterjee, A and Liu, J and Schwandner, FM and Sun, Y and O’dell, CW and others},
  journal={Science},
  volume={358},
  number={6360},
  pages={eaam5745},
  year={2017},
  publisher={American Association for the Advancement of Science}
}

@article{minnett2019half,
  title={Half a century of satellite remote sensing of sea-surface temperature},
  author={Minnett, PJ and Alvera-Azc{\'a}rate, Aida and Chin, TM and Corlett, GK and Gentemann, CL and Karagali, Ioanna and Li, X and Marsouin, A and Marullo, S and Maturi, E and others},
  journal={Remote Sensing of Environment},
  volume={233},
  pages={111366},
  year={2019},
  publisher={Elsevier}
}

@article{kawanishi2003advanced,
  title={The Advanced Microwave Scanning Radiometer for the Earth Observing System (AMSR-E), NASDA's contribution to the EOS for global energy and water cycle studies},
  author={Kawanishi, Toneo and Sezai, Toshihiro and Ito, Yasuyuki and Imaoka, Keiji and Takeshima, Toshiaki and Ishido, Yoshio and Shibata, Akira and Miura, Masaharu and Inahata, Hiroyuki and Spencer, Roy W},
  journal={IEEE Transactions on Geoscience and Remote Sensing},
  volume={41},
  number={2},
  pages={184--194},
  year={2003},
  publisher={IEEE}
}

@article{esaias1998overview,
  title={An overview of MODIS capabilities for ocean science observations},
  author={Esaias, Wayne E and Abbott, Mark R and Barton, Ian and Brown, Otis B and Campbell, Janet W and Carder, Kendall L and Clark, Dennis K and Evans, Robert H and Hoge, Frank E and Gordon, Howard R and others},
  journal={IEEE Transactions on Geoscience and Remote Sensing},
  volume={36},
  number={4},
  pages={1250--1265},
  year={1998},
  publisher={IEEE}
}

@article{gaillard2016situ,
  title={In situ--based reanalysis of the global ocean temperature and salinity with ISAS: Variability of the heat content and steric height},
  author={Gaillard, Fabienne and Reynaud, Thierry and Thierry, Virginie and Kolodziejczyk, Nicolas and von Schuckmann, Karina},
  journal={Journal of Climate},
  volume={29},
  number={4},
  pages={1305--1323},
  year={2016}
}

@article{weiss2016survey,
  title={A survey of transfer learning},
  author={Weiss, Karl and Khoshgoftaar, Taghi M and Wang, DingDing},
  journal={Journal of Big data},
  volume={3},
  number={1},
  pages={1--40},
  year={2016},
  publisher={SpringerOpen}
}

@article{xiao2017fashion,
  title={Fashion-mnist: a novel image dataset for benchmarking machine learning algorithms},
  author={Xiao, Han and Rasul, Kashif and Vollgraf, Roland},
  journal={arXiv preprint arXiv:1708.07747},
  year={2017}
}

@article{krizhevsky2010convolutional,
  title={Convolutional deep belief networks on cifar-10},
  author={Krizhevsky, Alex and Hinton, Geoff},
  journal={Unpublished manuscript},
  volume={40},
  number={7},
  pages={1--9},
  year={2010},
  publisher={Citeseer}
}

@article{andrychowicz2016learning,
  title={Learning to learn by gradient descent by gradient descent},
  author={Andrychowicz, Marcin and Denil, Misha and Gomez, Sergio and Hoffman, Matthew W and Pfau, David and Schaul, Tom and Shillingford, Brendan and De Freitas, Nando},
  journal={Advances in neural information processing systems},
  volume={29},
  year={2016}
}

@article{geman1992neural,
  title={Neural networks and the bias/variance dilemma},
  author={Geman, Stuart and Bienenstock, Elie and Doursat, Ren{\'e}},
  journal={Neural computation},
  volume={4},
  number={1},
  pages={1--58},
  year={1992},
  publisher={MIT Press One Rogers Street, Cambridge, MA 02142-1209, USA journals-info~…}
}

@article{hinton2012improving,
  title={Improving neural networks by preventing co-adaptation of feature detectors},
  author={Hinton, Geoffrey E and Srivastava, Nitish and Krizhevsky, Alex and Sutskever, Ilya and Salakhutdinov, Ruslan R},
  journal={arXiv preprint arXiv:1207.0580},
  year={2012}
}

@article{srivastava2014dropout,
  title={Dropout: a simple way to prevent neural networks from overfitting},
  author={Srivastava, Nitish and Hinton, Geoffrey and Krizhevsky, Alex and Sutskever, Ilya and Salakhutdinov, Ruslan},
  journal={The journal of machine learning research},
  volume={15},
  number={1},
  pages={1929--1958},
  year={2014},
  publisher={JMLR. org}
}

@article{bansal2015integrating,
  title={Integrating big data: A semantic extract-transform-load framework},
  author={Bansal, Srividya K and Kagemann, Sebastian},
  journal={Computer},
  volume={48},
  number={3},
  pages={42--50},
  year={2015},
  publisher={IEEE}
}

@article{wang2009mean,
  title={Mean squared error: Love it or leave it? A new look at signal fidelity measures},
  author={Wang, Zhou and Bovik, Alan C},
  journal={IEEE signal processing magazine},
  volume={26},
  number={1},
  pages={98--117},
  year={2009},
  publisher={IEEE}
}

@article{kastryulin2022image,
  title={Image quality assessment for magnetic resonance imaging},
  author={Kastryulin, Segrey and Zakirov, Jamil and Pezzotti, Nicola and Dylov, Dmitry V},
  journal={arXiv preprint arXiv:2203.07809},
  year={2022}
}
@article{psaros2022meta,
  title={Meta-learning PINN loss functions},
  author={Psaros, Apostolos F and Kawaguchi, Kenji and Karniadakis, George Em},
  journal={Journal of Computational Physics},
  volume={458},
  pages={111121},
  year={2022},
  publisher={Elsevier}
}

@article{fu2009swot,
  title={The SWOT (Surface Water and Ocean Topography) mission: Spaceborne radar interferometry for oceanographic and hydrological applications},
  author={Fu, Lee-Lueng and Alsdorf, Douglas and Rodriguez, Erensto and Morrow, Rosemary and Mognard, Nelly and Lambin, Juliette and Vaze, Parag and Lafon, Thierry},
  journal={Proceedings of OCEANOBS},
  volume={9},
  pages={21--25},
  year={2009}
}


@article{morrow2019global,
  title={Global observations of fine-scale ocean surface topography with the Surface Water and Ocean Topography (SWOT) mission},
  author={Morrow, Rosemary and Fu, Lee-Lueng and Ardhuin, Fabrice and Benkiran, Mounir and Chapron, Bertrand and Cosme, Emmanuel and d’Ovidio, Francesco and Farrar, J Thomas and Gille, Sarah T and Lapeyre, Guillaume and others},
  journal={Frontiers in Marine Science},
  volume={6},
  pages={232},
  year={2019},
  publisher={Frontiers Media SA}
}

@article{fisher2020ecostress,
  title={ECOSTRESS: NASA's next generation mission to measure evapotranspiration from the international space station},
  author={Fisher, Joshua B and Lee, Brian and Purdy, Adam J and Halverson, Gregory H and Dohlen, Matthew B and Cawse-Nicholson, Kerry and Wang, Audrey and Anderson, Ray G and Aragon, Bruno and Arain, M Altaf and others},
  journal={Water Resources Research},
  volume={56},
  number={4},
  pages={e2019WR026058},
  year={2020},
  publisher={Wiley Online Library}
}

@article{brabets2000environmental,
  title={Environmental and hydrologic overview of the Yukon River Basin, Alaska and Canada},
  author={Brabets, Timothy P and Wang, Bronwen and Meade, Robert H},
  journal={Water-Resources Investigations Report},
  volume={99},
  pages={4204},
  year={2000},
  publisher={US Dept. of the Interior, US Geological Survey; Branch of Information~…}
}

@article{o2010source,
  title={Source water controls on the character and origin of dissolved organic matter in streams of the Yukon River basin, Alaska},
  author={O'Donnell, Jonathan A and Aiken, George R and Kane, Evan S and Jones, Jeremy B},
  journal={Journal of Geophysical Research: Biogeosciences},
  volume={115},
  number={G3},
  year={2010},
  publisher={Wiley Online Library}
}

@article{carpenter1998nonpoint,
  title={Nonpoint pollution of surface waters with phosphorus and nitrogen},
  author={Carpenter, Stephen R and Caraco, Nina F and Correll, David L and Howarth, Robert W and Sharpley, Andrew N and Smith, Val H},
  journal={Ecological applications},
  volume={8},
  number={3},
  pages={559--568},
  year={1998},
  publisher={Wiley Online Library}
}

@article{kanter2020nitrogen,
  title={Nitrogen pollution policy beyond the farm},
  author={Kanter, David R and Bartolini, Fabio and Kugelberg, Susanna and Leip, Adrian and Oenema, Oene and Uwizeye, Aimable},
  journal={Nature Food},
  volume={1},
  number={1},
  pages={27--32},
  year={2020},
  publisher={Nature Publishing Group UK London}
}

@article{schreder2014flame,
  title={Flame retardant transfers from US households (dust and laundry wastewater) to the aquatic environment},
  author={Schreder, Erika D and La Guardia, Mark J},
  journal={Environmental science \& technology},
  volume={48},
  number={19},
  pages={11575--11583},
  year={2014},
  publisher={ACS Publications}
}

@article{arthington2018brisbane,
  title={The Brisbane declaration and global action agenda on environmental flows (2018)},
  author={Arthington, Angela H and Bhaduri, Anik and Bunn, Stuart E and Jackson, Sue E and Tharme, Rebecca E and Tickner, Dave and Young, Bill and Acreman, Mike and Baker, Natalie and Capon, Samantha and others},
  journal={Frontiers in Environmental Science},
  volume={6},
  pages={45},
  year={2018},
  publisher={Frontiers Media SA}
}

@book{sinclair2011birds,
  title={Birds of the yukon Territory},
  author={Sinclair, Pamela H and Nixon, Wendy A and Eckert, Cameron D and Hughes, Nancy L},
  year={2011},
  publisher={UBC Press}
}

@misc{sierraclubMeetIce,
	author = {Marris, Emma},
	title = {{M}eet the "{I}ce {B}ears" of the {Y}ukon --- sierraclub.org},
	howpublished = {\url{https://www.sierraclub.org/sierra/2021-6-winter/feature/meet-ice-bears-yukon}},
	year = {2021},
	note = {[Accessed 08-Mar-2023]},
}

@article{lundin2019legacy,
  title={Legacy habitat contamination as a limiting factor for Chinook salmon recovery in the Willamette Basin, Oregon, USA},
  author={Lundin, Jessica I and Spromberg, Julann A and Jorgensen, Jeffrey C and Myers, James M and Chittaro, Paul M and Zabel, Richard W and Johnson, Lyndal L and Neely, Robert M and Scholz, Nathaniel L},
  journal={Plos one},
  volume={14},
  number={3},
  pages={e0214399},
  year={2019},
  publisher={Public Library of Science San Francisco, CA USA}
}


@article{ek2003implementation,
  title={Implementation of Noah land surface model advances in the National Centers for Environmental Prediction operational mesoscale Eta model},
  author={Ek, M.B. and Mitchell, KE and Lin, Ying and Rogers, Eric and Grunmann, Pablo and Koren, Victor and Gayno, George and Tarpley, JD},
  journal={Journal of Geophysical Research: Atmospheres},
  volume={108},
  number={D22},
  year={2003},
  publisher={Wiley Online Library}
}

@article{zhuang2019xesmf,
  title={xESMF Documentation},
  author={Zhuang, Jiawei},
  year={2019}
}

@article{jordahl2020geopandas,
  title={geopandas/geopandas: v0. 8.1},
  author={Jordahl, Kelsey and Van den Bossche, Joris and Fleischmann, Martin and Wasserman, Jacob and McBride, James and Gerard, Jeffrey and Tratner, Jeff and Perry, Matthew and Garcia Badaracco, Adrian and Farmer, Carson and others},
  journal={Zenodo},
  year={2020}
}

@article{hoyer2017xarray,
  title={xarray: ND labeled arrays and datasets in Python},
  author={Hoyer, Stephan and Hamman, Joe},
  journal={Journal of Open Research Software},
  volume={5},
  number={1},
  year={2017},
  publisher={Ubiquity Press}
}

@article{gillies2019rasterio,
  title={Rasterio documentation},
  author={Gillies, Sean},
  journal={MapBox, July},
  volume={23},
  year={2019}
}

@article{lee2017speeding,
  title={Speeding up distributed machine learning using codes},
  author={Lee, Kangwook and Lam, Maximilian and Pedarsani, Ramtin and Papailiopoulos, Dimitris and Ramchandran, Kannan},
  journal={IEEE Transactions on Information Theory},
  volume={64},
  number={3},
  pages={1514--1529},
  year={2017},
  publisher={IEEE}
}

@article{hornik1989multilayer,
  title={Multilayer feedforward networks are universal approximators},
  author={Hornik, Kurt and Stinchcombe, Maxwell and White, Halbert},
  journal={Neural networks},
  volume={2},
  number={5},
  pages={359--366},
  year={1989},
  publisher={Elsevier}
}

@article{van2013making,
  title={Making the distinction between water scarcity and drought using an observation-modeling framework},
  author={Van Loon, Anne F and Van Lanen, Henny AJ},
  journal={Water Resources Research},
  volume={49},
  number={3},
  pages={1483--1502},
  year={2013},
  publisher={Wiley Online Library}
}

@article{getirana2021brazil,
  title={Brazil is in water crisis—it needs a drought plan},
  author={Getirana, Augusto and Libonati, Renata and Cataldi, Marcio},
  journal={Nature},
  volume={600},
  number={7888},
  pages={218--220},
  year={2021},
  publisher={Nature Publishing Group UK London}
}

@article{king2020role,
  title={The role of climate variability in Australian drought},
  author={King, Andrew D and Pitman, Andy J and Henley, Benjamin J and Ukkola, Anna M and Brown, Josephine R},
  journal={Nature Climate Change},
  volume={10},
  number={3},
  pages={177--179},
  year={2020},
  publisher={Nature Publishing Group UK London}
}

@article{naumann2021increased,
  title={Increased economic drought impacts in Europe with anthropogenic warming},
  author={Naumann, Gustavo and Cammalleri, Carmelo and Mentaschi, Lorenzo and Feyen, Luc},
  journal={Nature Climate Change},
  volume={11},
  number={6},
  pages={485--491},
  year={2021},
  publisher={Nature Publishing Group UK London}
}

@article{svoboda2002drought,
  title={The drought monitor},
  author={Svoboda, Mark and LeComte, Doug and Hayes, Mike and Heim, Richard and Gleason, Karin and Angel, Jim and Rippey, Brad and Tinker, Rich and Palecki, Mike and Stooksbury, David and others},
  journal={Bulletin of the American Meteorological Society},
  volume={83},
  number={8},
  pages={1181--1190},
  year={2002},
  publisher={American Meteorological Society}
}

@article{albano2022multidataset,
  title={A Multidataset Assessment of Climatic Drivers and Uncertainties of Recent Trends in Evaporative Demand across the Continental United States},
  author={Albano, Christine M and Abatzoglou, John T and McEvoy, Daniel J and Huntington, Justin L and Morton, Charles G and Dettinger, Michael D and Ott, Thomas J},
  journal={Journal of Hydrometeorology},
  volume={23},
  number={4},
  pages={505--519},
  year={2022}
}

@misc{richards2019pyeto,
  title={PyETo},
  author={Richards, M},
  year={2019},
  howpublished = {\url{https://pyeto.readthedocs.io/en/latest/}},
}


@article{piechota1996drought,
  title={Drought and regional hydrologic variation in the United States: Associations with the El Ni{\~n}o-Southern Oscillation},
  author={Piechota, Thomas C and Dracup, John A},
  journal={Water Resources Research},
  volume={32},
  number={5},
  pages={1359--1373},
  year={1996},
  publisher={Wiley Online Library}
}

@article{berenguer2021tracking,
  title={Tracking the impacts of El Ni{\~n}o drought and fire in human-modified Amazonian forests},
  author={Berenguer, Erika and Lennox, Gareth D and Ferreira, Joice and Malhi, Yadvinder and Arag{\~a}o, Luiz EOC and Barreto, Julia Rodrigues and Del Bon Esp{\'\i}rito-Santo, Fernando and Figueiredo, Axa Emanuelle S and Fran{\c{c}}a, Filipe and Gardner, Toby Alan and others},
  journal={Proceedings of the National Academy of Sciences},
  volume={118},
  number={30},
  pages={e2019377118},
  year={2021},
  publisher={National Acad Sciences}
}


@article{parungo1994gobi,
  title={Gobi dust storms and the Great Green Wall},
  author={Parungo, Farn and Li, Zhe and Li, Xingsheng and Yang, Dongzeng and Harris, Joyce},
  journal={Geophysical Research Letters},
  volume={21},
  number={11},
  pages={999--1002},
  year={1994},
  publisher={Wiley Online Library}
}

@article{gadzama2017attenuation,
  title={Attenuation of the effects of desertification through sustainable development of Great Green Wall in the Sahel of Africa},
  author={Gadzama, Njidda Mamadu},
  journal={World Journal of Science, Technology and Sustainable Development},
  year={2017},
  publisher={Emerald Publishing Limited}
}

@article{guo2021elucidating,
  title={Elucidating the effects of mega reservoir on watershed drought tolerance based on a drought propagation analytical method},
  author={Guo, Yi and Huang, Qiang and Huang, Shengzhi and Leng, Guoyong and Zheng, Xudong and Fang, Wei and Deng, Mingjiang and Song, Songbai},
  journal={Journal of Hydrology},
  volume={598},
  pages={125738},
  year={2021},
  publisher={Elsevier}
}

@article{huang2021drought,
  title={Drought propagation modification after the construction of the Three Gorges Dam in the Yangtze River Basin},
  author={Huang, Shuzhe and Zhang, Xiang and Chen, Nengcheng and Li, Boyan and Ma, Hongliang and Xu, Lei and Li, Ronghui and Niyogi, Dev},
  journal={Journal of Hydrology},
  volume={603},
  pages={127138},
  year={2021},
  publisher={Elsevier}
}

@article{zhang2021agricultural,
  title={Agricultural drought prediction in China based on drought propagation and large-scale drivers},
  author={Zhang, Yu and Hao, Zengchao and Feng, Sifang and Zhang, Xuan and Xu, Yang and Hao, Fanghua},
  journal={Agricultural Water Management},
  volume={255},
  pages={107028},
  year={2021},
  publisher={Elsevier}
}

@article{berenguer2021tracking,
  title={Tracking the impacts of El Ni{\~n}o drought and fire in human-modified Amazonian forests},
  author={Berenguer, Erika and Lennox, Gareth D and Ferreira, Joice and Malhi, Yadvinder and Arag{\~a}o, Luiz EOC and Barreto, Julia Rodrigues and Del Bon Esp{\'\i}rito-Santo, Fernando and Figueiredo, Axa Emanuelle S and Fran{\c{c}}a, Filipe and Gardner, Toby Alan and others},
  journal={Proceedings of the National Academy of Sciences},
  volume={118},
  number={30},
  pages={e2019377118},
  year={2021},
  publisher={National Acad Sciences}
}

@article{bevacqua2021spatial,
  title={Spatial and temporal patterns of propagation from meteorological to hydrological droughts in Brazil},
  author={Bevacqua, Alena G and Chaffe, Pedro LB and Chagas, Vinicius BP and AghaKouchak, Amir},
  journal={Journal of Hydrology},
  volume={603},
  pages={126902},
  year={2021},
  publisher={Elsevier}
}

@article{correia2022between,
  title={Between flood and drought: Environmental racism, settler waterscapes, and Indigenous water justice in South America’s Chaco},
  author={Correia, Joel E},
  journal={Annals of the American Association of Geographers},
  volume={112},
  number={7},
  pages={1890--1910},
  year={2022},
  publisher={Taylor \& Francis}
}

@article{ho2021new,
  title={A new approach to quantify propagation time from meteorological to hydrological drought},
  author={Ho, Sarah and Tian, Lu and Disse, Markus and Tuo, Ye},
  journal={Journal of Hydrology},
  volume={603},
  pages={127056},
  year={2021},
  publisher={Elsevier}
}

@article{enqvist2019water,
  title={Water governance and justice in Cape Town: An overview},
  author={Enqvist, Johan P and Ziervogel, Gina},
  journal={Wiley Interdisciplinary Reviews: Water},
  volume={6},
  number={4},
  pages={e1354},
  year={2019},
  publisher={Wiley Online Library}
}

@article{walters2022learning,
  title={Learning about climate justice in times of drought and Covid-19},
  author={Walters, Shirley},
  journal={International Journal of Lifelong Education},
  volume={41},
  number={1},
  pages={45--59},
  year={2022},
  publisher={Taylor \& Francis}
}

@article{gebrechorkos2022variability,
  title={Variability and changes in hydrological drought in the Volta Basin, West Africa},
  author={Gebrechorkos, Solomon H and Pan, Ming and Lin, Peirong and Anghileri, Daniela and Forsythe, Nathan and Pritchard, David MW and Fowler, Hayley J and Obuobie, Emmanuel and Darko, Deborah and Sheffield, Justin},
  journal={Journal of Hydrology: Regional Studies},
  volume={42},
  pages={101143},
  year={2022},
  publisher={Elsevier}
}

@article{apurv2020drought,
  title={Drought propagation in contiguous US watersheds: A process-based understanding of the role of climate and watershed properties},
  author={Apurv, Tushar and Cai, Ximing},
  journal={Water Resources Research},
  volume={56},
  number={9},
  pages={e2020WR027755},
  year={2020},
  publisher={Wiley Online Library}
}

@article{janocha2017loss,
  title={On loss functions for deep neural networks in classification},
  author={Janocha, Katarzyna and Czarnecki, Wojciech Marian},
  journal={arXiv preprint arXiv:1702.05659},
  year={2017}
}

@article{khan2022transformers,
  title={Transformers in vision: A survey},
  author={Khan, Salman and Naseer, Muzammal and Hayat, Munawar and Zamir, Syed Waqas and Khan, Fahad Shahbaz and Shah, Mubarak},
  journal={ACM computing surveys (CSUR)},
  volume={54},
  number={10s},
  pages={1--41},
  year={2022},
  publisher={ACM New York, NY}
}

@article{cawse2021ecostress,
  title={ECOSTRESS Level-4 DisALEXI-JPL Evaporative Stress Index (ECO4ESIALEXI) User Guide},
  author={Cawse-Nicholson, Kerry and Anderson, Martha},
  year={2021}
}

@inproceedings{lagouarde2018indian,
  title={The Indian-French Trishna mission: Earth observation in the thermal infrared with high spatio-temporal resolution},
  author={Lagouarde, J-P and Bhattacharya, Bimal Kumar and Crebassol, Philippe and Gamet, Philippe and Babu, Sanjay S and Boulet, Gilles and Briottet, Xavier and Buddhiraju, Krishna Mohan and Cherchali, Selma and Dadou, Isabelle and others},
  booktitle={IGARSS 2018-2018 IEEE International Geoscience and Remote Sensing Symposium},
  pages={4078--4081},
  year={2018},
  organization={IEEE}
}

@inproceedings{koetz2018high,
  title={High spatio-temporal resolution land surface temperature mission-a copernicus candidate mission in support of agricultural monitoring},
  author={Koetz, Benjamin and Bastiaanssen, Wim and Berger, Michael and Defourney, Pierre and Del Bello, Umberto and Drusch, Matthias and Drinkwater, Mark and Duca, Ricardo and Fernandez, Val{\'e}rie and Ghent, Darren and others},
  booktitle={IGARSS 2018-2018 IEEE International Geoscience and Remote Sensing Symposium},
  pages={8160--8162},
  year={2018},
  organization={IEEE}
}

@article{strelkoff1970numerical,
  title={Numerical solution of Saint-Venant equations},
  author={Strelkoff, Theodor},
  journal={Journal of the Hydraulics division},
  volume={96},
  number={1},
  pages={223--252},
  year={1970},
  publisher={American Society of Civil Engineers}
}

@article{moseley2021finite,
  title={Finite Basis Physics-Informed Neural Networks (FBPINNs): a scalable domain decomposition approach for solving differential equations},
  author={Moseley, Ben and Markham, Andrew and Nissen-Meyer, Tarje},
  journal={arXiv preprint arXiv:2107.07871},
  year={2021}
}

@misc{noaa_monthly,
  doi = {10.7289/V5M32STR},
  url = {https://data.nodc.noaa.gov/cgi-bin/iso?id=gov.noaa.ncdc:C00005},
  author = {Vose,  Russell S. and Applequist,  Scott and Squires,  Mike and Durre,  Imke and Menne,  Matthew J. and Williams,  Claude N. and Fenimore,  Chris and Gleason,  Karin and Arndt,  Derek},
  title = {NOAA's Climate Divisional Database (nCLIMDIV)},
  publisher = {NOAA National Climatic Data Center},
  year = {2014}
}

@misc{noaa_paleo,
  doi = {10.25921/7XM8-JN36},
  url = {https://www.ncei.noaa.gov/metadata/geoportal/rest/metadata/item/noaa-recon-22454/html},
  author = {Gille,  E.P. and Wahl,  E.R. and Vose,  R.S. and Cook,  E.R.},
  title = {NOAA/WDS Paleoclimatology - Living Blended Drought Atlas (LBDA) Version 2 - recalibrated reconstruction of United States Summer PMDI over the last 2000 years},
  publisher = {NOAA National Centers for Environmental Information},
  year = {2017}
}

@article{parkinson2003aqua,
  title={Aqua: An Earth-observing satellite mission to examine water and other climate variables},
  author={Parkinson, Claire L},
  journal={IEEE Transactions on Geoscience and Remote Sensing},
  volume={41},
  number={2},
  pages={173--183},
  year={2003},
  publisher={IEEE}
}

@misc{nasaYears,
	author = {NASA},
	title = {MODIS Aqua Level 3 SST Thermal IR Monthly 9km Nighttime V2019.0},
	howpublished = {\url{https://cmr.earthdata.nasa.gov/virtual-directory/collections/C2036877952-POCLOUD/temporal}},
	year = {2023},
	note = {[Accessed 10-Mar-2023]},
}

@misc{ecRealTimeHydrometric,
	author = {ECCC},
	title = {{R}eal-{T}ime {H}ydrometric {D}ata - {W}ater {L}evel and {F}low - {E}nvironment {C}anada --- wateroffice.ec.gc.ca},
	howpublished = {\url{https://wateroffice.ec.gc.ca/mainmenu/real_time_data_index_e.html}},
	year = {2023},
	note = {[Accessed 10-Mar-2023]},
}

@article{paszke2019pytorch,
  title={Pytorch: An imperative style, high-performance deep learning library},
  author={Paszke, Adam and Gross, Sam and Massa, Francisco and Lerer, Adam and Bradbury, James and Chanan, Gregory and Killeen, Trevor and Lin, Zeming and Gimelshein, Natalia and Antiga, Luca and others},
  journal={Advances in neural information processing systems},
  volume={32},
  year={2019}
}


